@article{zhu2016a,
	title="A co-training, mutual learning approach towards mapping snow cover from multi-temporal high-spatial resolution satellite imagery",
	author="Liujun {Zhu} and Pengfeng {Xiao} and Xuezhi {Feng} and Xueliang {Zhang} and Yinyou {Huang} and Chengxi {Li}",
	journal="Isprs Journal of Photogrammetry and Remote Sensing",
	volume="122",
	pages="179--191",
	notes="Sourced from Microsoft Academic - https://academic.microsoft.com/paper/2550882916",
	year="2016"
}