@article{tan2015a,
	title="A novel semi-supervised hyperspectral image classification approach based on spatial neighborhood information and classifier combination",
	author="Kun {Tan} and Jun {Hu} and Jun {Li} and Peijun {Du}",
	journal="Isprs Journal of Photogrammetry and Remote Sensing",
	volume="105",
	pages="19--29",
	notes="Sourced from Microsoft Academic - https://academic.microsoft.com/paper/2081809992",
	year="2015"
}