@article{jackson2001an,
	title="An adaptive classifier design for high-dimensional data analysis with a limited training data set",
	author="Q. {Jackson} and D.A. {Landgrebe}",
	journal="IEEE Transactions on Geoscience and Remote Sensing",
	volume="39",
	number="12",
	pages="2664--2679",
	notes="Sourced from Microsoft Academic - https://academic.microsoft.com/paper/2168867644",
	year="2001"
}