@inproceedings{blum1998combining,
	title="Combining labeled and unlabeled data with co-training",
	author="Avrim {Blum} and Tom {Mitchell}",
	booktitle="Proceedings of the eleventh annual conference on Computational learning theory",
	pages="92--100",
	notes="Sourced from Microsoft Academic - https://academic.microsoft.com/paper/2048679005",
	year="1998"
}