@article{quinlan1986induction,
	title="Induction of Decision Trees",
	author="J. R. {Quinlan}",
	journal="Machine Learning",
	volume="1",
	number="1",
	pages="81--106",
	notes="Sourced from Microsoft Academic - https://academic.microsoft.com/paper/2149706766",
	year="1986"
}

