@book{tan2005introduction,
	title="Introduction to Data Mining",
	author="Pang-Ning {Tan} and Michael M. {Steinbach} and Vipin {Kumar}",
	notes="Sourced from Microsoft Academic - https://academic.microsoft.com/paper/1565377632",
	year="2005"
}

