@book{jordan1999learning,
	title="Learning in graphical models",
	author="Michael I. {Jordan}",
	notes="Sourced from Microsoft Academic - https://academic.microsoft.com/paper/1746680969",
	year="1999"
}

