@inproceedings{blum2001learning,
	title="Learning from Labeled and Unlabeled Data using Graph Mincuts",
	author="Avrim {Blum} and Shuchi {Chawla}",
	booktitle="ICML '01 Proceedings of the Eighteenth International Conference on Machine Learning",
	pages="19--26",
	notes="Sourced from Microsoft Academic - https://academic.microsoft.com/paper/1585385982",
	year="2001"
}