@article{wen2017semantic,
	title="Semantic Classification of Urban Trees Using Very High Resolution Satellite Imagery",
	author="Dawei {Wen} and Xin {Huang} and Hui {Liu} and Wenzhi {Liao} and Liangpei {Zhang}",
	journal="IEEE Journal of Selected Topics in Applied Earth Observations and Remote Sensing",
	volume="10",
	number="4",
	pages="1413--1424",
	notes="Sourced from Microsoft Academic - httpsacademic.microsoft.compaper2575479478",
	year="2017"
}