@article{camps-valls2007semi,
	title="Semi-Supervised Graph-Based Hyperspectral Image Classification",
	author="G. {Camps-Valls} and T. Bandos {Marsheva} and D. {Zhou}",
	journal="IEEE Transactions on Geoscience and Remote Sensing",
	volume="45",
	number="10",
	pages="3044--3054",
	notes="Sourced from Microsoft Academic - https://academic.microsoft.com/paper/2153409933",
	year="2007"
}