@article{romaszewski2016semi,
	title="Semi-supervised hyperspectral classification from a small number of training samples using a co-training approach",
	author="Michał {Romaszewski} and Przemysław {Głomb} and Michał {Cholewa}",
	journal="Isprs Journal of Photogrammetry and Remote Sensing",
	volume="121",
	pages="60--76",
	notes="Sourced from Microsoft Academic - https://academic.microsoft.com/paper/2528211483",
	year="2016"
}