@article{vapnik1998statistical,
	title="Statistical learning theory",
	author="Vladimir Naumovich {Vapnik}",
	journal="",
	notes="Sourced from Microsoft Academic - https://academic.microsoft.com/paper/2148603752",
	year="1998"
}

