@article{nigam2000text,
	title="Text Classification from Labeled and Unlabeled Documents using EM",
	author="Kamal {Nigam} and Andrew Kachites {McCallum} and Sebastian {Thrun} and Tom {Mitchell}",
	journal="Machine Learning",
	volume="39",
	number="2",
	pages="103--134",
	notes="Sourced from Microsoft Academic - https://academic.microsoft.com/paper/2097089247",
	year="2000"
}