@article{shahshahani1994the,
	title="The effect of unlabeled samples in reducing the small sample size problem and mitigating the Hughes phenomenon",
	author="B.M. {Shahshahani} and D.A. {Landgrebe}",
	journal="international geoscience and remote sensing symposium",
	volume="32",
	number="5",
	pages="1087--1095",
	notes="Sourced from Microsoft Academic - https://academic.microsoft.com/paper/2039609561",
	year="1994"
}

