@article{li2015towards,
	title="Towards Making Unlabeled Data Never Hurt",
	author="Yu-Feng {Li} and Zhi-Hua {Zhou}",
	journal="IEEE Transactions on Pattern Analysis and Machine Intelligence",
	volume="37",
	number="1",
	pages="175--188",
	notes="Sourced from Microsoft Academic - https://academic.microsoft.com/paper/2019288156",
	year="2015"
}