@inproceedings{joachims1999transductive,
	title="Transductive Inference for Text Classification using Support Vector Machines",
	author="Thorsten {Joachims}",
	booktitle="ICML '99 Proceedings of the Sixteenth International Conference on Machine Learning",
	pages="200--209",
	notes="Sourced from Microsoft Academic - https://academic.microsoft.com/paper/2107008379",
	year="1999"
}